
@InCollection{	  Arthur:1994,
  address	= {Ann Arbor},
  author	= {Brian W. Arthur},
  booktitle	= {Increasing Returns and Path Dependence in the Economy},
  pages		= {13--32},
  publisher	= {University of Michigan Press},
  title		= {Competing Technologies, Increasing Returns, and Lock-In by
		  Historical Events},
  year		= {1994}
}

@Book{		  Bellin:2002,
  address	= {Ithaca, New York},
  author	= {Eva Bellin},
  publisher	= {Cornell University Press},
  title		= {Stalled Democracy: Capital, Labor, and the Paradox of
		  State-Sponsored Development},
  year		= {2002}
}

@Book{		  Blaydes:2011,
  address	= {Cambridge},
  author	= {Lisa Blaydes},
  publisher	= {Cambridge University Press},
  title		= {Elections and Distributive Politics in {M}ubarak's
		  {E}gypt},
  year		= {2011}
}

@Book{		  Bob:2005,
  address	= {Cambridge, MA},
  author	= {Clifford Bob},
  publisher	= {Cambridge University Press},
  title		= {The Marketing of Rebellion: Insurgents, Media, and
		  International Activism},
  year		= {2005}
}

@Book{		  Brownlee:2007,
  address	= {Cambridge},
  author	= {Jason Brownlee},
  publisher	= {Cambridge University Press},
  title		= {Authoritarianism in an Age of Democratization},
  year		= {2007}
}

@Article{	  Brumberg:2002,
  author	= {Daniel Brumberg},
  journal	= {Journal of Democracy},
  month		= {10},
  number	= {4},
  pages		= {56--68},
  title		= {Democratization in the {A}rab World? {T}he Trap of
		  Liberalized Autocracy},
  volume	= {13},
  year		= {2002}
}

@Article{	  Buthe:2004,
  author	= {Tim B{\"u}the},
  journal	= {Journal of International Affairs},
  month		= {Fall},
  number	= {1},
  pages		= {281--90},
  title		= {Governance through Private Authority? Non-State Actors in
		  World Politics},
  volume	= {58},
  year		= {2004}
}

@Book{		  Buthe:2011,
  address	= {Princeton},
  author	= {Tim B{\"u}the},
  publisher	= {Princeton University Press},
  title		= {The New Global Rulers: The Privatization of Regulation in
		  the World Economy},
  year		= {2011}
}

@Article{	  Carothers:2002,
  author	= {Thomas Carothers},
  journal	= {Journal of Democracy},
  month		= {1},
  number	= {1},
  pages		= {5--21},
  title		= {The End of the Transition Paradigm},
  volume	= {13},
  year		= {2002}
}

@Article{	  Carpenter:2007,
  author	= {R. Charli Carpenter},
  journal	= {International Studies Quarterly},
  month		= {3},
  number	= {1},
  pages		= {99--120},
  title		= {Setting the Advocacy Agenda: Theorizing Issue Emergence
		  and Nonemergence in Transnational Advocacy Networks},
  volume	= {51},
  year		= {2007}
}

@Article{	  Cooley:2002,
  author	= {Alexander Cooley and James Ron},
  journal	= {International Security},
  month		= {Summer},
  number	= {1},
  pages		= {5--39},
  title		= {The {NGO} Scramble: Organizational Insecurity and the
		  Political Economy of Transnational Action},
  volume	= {27},
  year		= {2002}
}

@Book{		  DeMars:2005,
  address	= {London},
  author	= {William DeMars},
  publisher	= {Pluto Press},
  title		= {NGOs and Transnational Networks: Wild Cards in World
		  Politics},
  year		= {2005}
}

@Article{	  DiMaggioPowell:1983,
  author	= {Paul J. DiMaggio and Walter W. Powell},
  journal	= {American Sociological Review},
  month		= {4},
  number	= {2},
  pages		= {147--60},
  title		= {The Iron Cage Revisited: Institutional Isomorphism and
		  Collective Rationality in Organizational Fields},
  volume	= {48},
  year		= {1983}
}

@Article{	  Gamm:1989,
  author	= {Gerald Gamm and Kenneth Shepsle},
  journal	= {Legislative Studies Quarterly},
  month		= {2},
  number	= {1},
  pages		= {39--66},
  title		= {Emergence of Legislative Institutions: Standing Committees
		  in the {H}ouse and {S}enate, 1810--1825},
  volume	= {14},
  year		= {1989}
}

@Article{	  Gandhi:2006,
  author	= {Jennifer Gandhi and Adam Przeworski},
  journal	= {Economics \& Politics},
  month		= {3},
  number	= {1},
  pages		= {1--26},
  title		= {Cooperation, Cooptation, and Rebellion Under
		  Dictatorships},
  volume	= {18},
  year		= {2006}
}

@Article{	  GandhiPrzeworski:2007,
  author	= {Jennifer Gandhi and Adam Przeworski},
  journal	= {Comparative Political Studies},
  month		= {11},
  number	= {11},
  pages		= {1279--1301},
  title		= {Authoritarian Institutions and the Survival of Autocrats},
  volume	= {40},
  year		= {2007}
}

@InCollection{	  GordenkerWeiss:1996,
  author	= {Leon Gordenker and Thomas G. Weiss},
  booktitle	= {NGOs, the UN, and Global Governance},
  chapter	= {1},
  crossref	= {WeissGordenker:1996},
  pages		= {17--47},
  title		= {Introduction}
}

@InCollection{	  Granzer:1999,
  author	= {Sieglinde Gr{\"a}nzer},
  chapter	= {4},
  crossref	= {RisseRoppSikkink:1999},
  pages		= {109--133},
  title		= {Changing Discourse: Transnational Advocacy Networks in
		  Tunisia and Morocco}
}

@Article{	  Greif:2004,
  author	= {Avner Greif and David D. Laitin},
  journal	= {American Political Science Review},
  month		= {11},
  number	= {4},
  pages		= {633--52},
  title		= {A Theory of Endogenous Institutional Change},
  volume	= {98},
  year		= {2004}
}

@TechReport{	  HadeniusTeorell:2006,
  author	= {Axel Hadenius and Jan Teorell},
  institution	= {Helen Kellogg Institute},
  month		= {11},
  number	= {331},
  title		= {Authoritarian Regimes: Stability, Change, and Pathways
		  Toward Democracy, 1972--2002},
  type		= {Working Paper},
  year		= {2006}
}

@Article{	  HagelPeretz:2005,
  author	= {Peter H{\"a}gel and Pauline Peretz},
  journal	= {European Journal of International Relations},
  month		= {12},
  number	= {4},
  pages		= {467--93},
  title		= {States and Transnational Actors: Who's Influencing Whom? A
		  Case Study in Jewish Diaspora Politics during the Cold
		  War},
  volume	= {11},
  year		= {2005}
}

@Book{		  HallBiersteker:2002,
  address	= {Cambridge},
  editor	= {Rodney Bruce Hall and Thomas J. Biersteker},
  publisher	= {Cambridge University Press},
  title		= {The Emergence of Private Authority in Global Governance},
  year		= {2002}
}

@InCollection{	  Hawkins:2002,
  address	= {Minneapolis},
  author	= {Darren G. Hawkins},
  booktitle	= {Restructuring World Politics: Transnational Social
		  Movements, Networks, And Norms},
  chapter	= {3},
  editor	= {Sanjeev Khagram and James V. Riker and Kathryn Sikkink},
  pages		= {47--70},
  publisher	= {University of Minnesota Press},
  title		= {Human Rights Norms and Networks in Authoritarian Chile},
  year		= {2002}
}

@Article{	  HowardRoessler:2006,
  author	= {Marc Morje Howard and Philip G. Roessler},
  journal	= {American Journal of Political Science},
  month		= {4},
  number	= {2},
  pages		= {365--81},
  title		= {Liberalizing Outcomes in Competitive Authoritarian
		  Regimes},
  volume	= {50},
  year		= {2006}
}

@Book{		  Jamal:2007,
  address	= {Princeton},
  author	= {Amaney Jamal},
  publisher	= {Princeton University Press},
  title		= {Barriers to Democracy: {T}he Other Side of Social Capital
		  in {P}alestine and the {A}rab {World}},
  year		= {2007}
}

@InCollection{	  JosselinWallace:2001,
  address	= {New York},
  author	= {Daphn{\'e} Josselin and William Wallace},
  booktitle	= {Non-State Actors in World Politics},
  chapter	= {1},
  editor	= {Daphn{\'e} Josselin and William Wallace},
  pages		= {1--20},
  publisher	= {Palgrave},
  title		= {Non-State Actors in World Politics: A Framework},
  year		= {2001}
}

@Book{		  Keck:1998,
  address	= {Ithaca},
  author	= {Margaret E. Keck and Kathryn Sikkink},
  publisher	= {Cornell University Press},
  title		= {Activists Beyond Borders: Advocacy Networks in
		  International Politics},
  year		= {1998}
}

@Book{		  Kelley:2004,
  address	= {Princeton},
  author	= {Judith G. Kelley},
  publisher	= {Princeton University Press},
  title		= {Ethnic Politics in Europe: The Power of Norms and
		  Incentives},
  year		= {2004}
}

@InCollection{	  KeohaneNye:2001,
  address	= {New York},
  author	= {Robert O. Keohane and Joseph S. Nye},
  booktitle	= {Power and Interdependence},
  chapter	= {2},
  edition	= {3},
  pages		= {20--32},
  publisher	= {Addison Wesley Longman},
  title		= {Realism and Complex Interdependence},
  year		= {2001}
}

@Book{		  Knight:1992,
  address	= {Cambridge},
  author	= {Jack Knight},
  publisher	= {Cambridge University Press},
  title		= {Institutions and Social Conflict},
  year		= {1992}
}

@Book{		  Kuran:1995,
  address	= {Cambridge, MA},
  author	= {Timur Kuran},
  publisher	= {Harvard University Press},
  title		= {Private Truths, Public Lies: The Social Consequences of
		  Preference Falsification},
  year		= {1995}
}

@Article{	  Kuran:2004,
  author	= {Timur Kuran},
  journal	= {Journal of Economic Perspectives},
  month		= {Summer},
  number	= {3},
  pages		= {71--90},
  title		= {Why the Middle East is Economically Underdeveloped:
		  Historical Mechanisms of Institutional Stagnation},
  volume	= {18},
  year		= {2004}
}

@InCollection{	  Levi:2013,
  address	= {London},
  author	= {Margaret Levi and Victor Menaldo},
  booktitle	= {Handbook of Comparative Political Institutions},
  editor	= {Jennifer Gandhi and Rub{\'e}n Ruiz-Rufino},
  publisher	= {Routledge},
  title		= {The New Economic Institutionalism in Historical
		  Perspective},
  year		= {Forthcoming}
}

@Book{		  LevitskyWay:2010,
  address	= {Cambridge, MA},
  author	= {Steven Levitsky and Lucan A. Way},
  publisher	= {Cambridge University Press},
  title		= {Competitive Authoritarianism: Hybrid Regimes After the
		  Cold War},
  year		= {2010}
}

@Article{	  Lieberman:2002,
  author	= {Robert C. Lieberman},
  journal	= {American Political Science Review},
  month		= {12},
  number	= {4},
  pages		= {697--712},
  title		= {Ideas, Institutions, and Political Order: Explaining
		  Political Change},
  volume	= {96},
  year		= {2002}
}

@Article{	  MaleskySchulerTran:2012,
  author	= {Edmund Malesky and Paul Schuler and Anh Tran},
  journal	= {American Political Science Review},
  month		= {11},
  number	= {4},
  pages		= {762--86},
  title		= {The Adverse Effects of Sunshine: A Field Experiment on
		  Legislative Transparency in an Authoritarian Assembly},
  volume	= {106},
  year		= {2012}
}

@Article{	  Mathews:1997,
  author	= {Jessica T. Mathews},
  journal	= {Foreign Affairs},
  month		= {1--2},
  number	= {1},
  pages		= {50--66},
  title		= {Power Shift},
  volume	= {76},
  year		= {1997}
}

@Book{		  North:1990,
  address	= {Cambridge},
  author	= {Douglass C. North},
  publisher	= {Cambridge University Press},
  title		= {Institutions, Institutional Change and Economic
		  Performance},
  year		= {1990}
}

@Book{		  Ostrom:1990,
  address	= {Cambridge},
  author	= {Elinor Ostrom},
  publisher	= {Cambridge University Press},
  title		= {Governing the Commons: {T}he Evolution of Institutions for
		  Collective Action},
  year		= {1990}
}

@Article{	  Pierson:2000,
  author	= {Paul Pierson},
  journal	= {American Political Science Review},
  month		= {6},
  number	= {2},
  pages		= {251--67},
  title		= {Increasing Returns, Path Dependence, and the Study of
		  Politics},
  volume	= {94},
  year		= {2000}
}

@Book{		  Platteau:2000,
  address	= {Amsterdam},
  author	= {Jean-Philippe Platteau},
  publisher	= {Harwood},
  title		= {Institutions, Social Norms, and Economic Development},
  year		= {2000}
}

@Book{		  PrakashGugerty:2010,
  address	= {Cambridge},
  booktitle	= {Advocacy Organizations and Collective Action},
  editor	= {Aseem Prakash and Mary Kay Gugerty},
  publisher	= {Cambridge University Press},
  title		= {Advocacy Organizations and Collective Action},
  year		= {2010}
}

@InCollection{	  PrakashGugerty:2010a,
  author	= {Aseem Prakash and Mary Kay Gugerty},
  chapter	= {1},
  crossref	= {PrakashGugerty:2010},
  pages		= {1--28},
  title		= {Advocacy Organizations and Collective Action: An
		  Introduction}
}

@Article{	  Price:2003,
  author	= {Richard Price},
  journal	= {World Politics},
  month		= {7},
  number	= {4},
  pages		= {579--606},
  title		= {Transnational Civil Society and Advocacy in World
		  Politics},
  volume	= {55},
  year		= {2003}
}

@Article{	  Reimann:2006,
  author	= {Kim D. Reimann},
  journal	= {International Studies Quarterly},
  month		= {3},
  number	= {1},
  pages		= {45--67},
  title		= {A View from the Top: International Politics, Norms and the
		  Worldwide Growth of NGOs},
  volume	= {50},
  year		= {2006}
}

@InCollection{	  Risse:2002,
  address	= {Thousand Oaks, CA},
  author	= {Thomas Risse},
  booktitle	= {Handbook of International Relations},
  chapter	= {13},
  edition	= {1},
  editor	= {Walter Carlsnaes and Thomas Risse and Beth A. Simmons},
  pages		= {255--74},
  publisher	= {Sage},
  title		= {Transnational Actors and World Politics},
  year		= {2002}
}

@InCollection{	  RisseRopp:1999,
  author	= {Thomas Risse and Steven C. Ropp},
  chapter	= {8},
  crossref	= {RisseRoppSikkink:1999},
  pages		= {234--78},
  title		= {International Human Rights Norms and Domestic Change:
		  Conclusions}
}

@Book{		  RisseRoppSikkink:1999,
  address	= {Cambridge, UK},
  booktitle	= {The Power of Human Rights: International Norms and
		  Domestic Change},
  editor	= {Thomas Risse and Stephen Ropp and Kathryn Sikkink},
  publisher	= {Cambridge University Press},
  year		= {1999}
}

@InCollection{	  RisseSikkink:1999,
  author	= {Thomas Risse and Kathryn Sikkink},
  chapter	= {1},
  crossref	= {RisseRoppSikkink:1999},
  pages		= {1--38},
  title		= {The Socialization of International Human Rights Norms into
		  Domestic Practices: Introduction}
}

@Book{		  Rodrik:2011,
  address	= {New York},
  author	= {Dani Rodrik},
  publisher	= {W. W. Norton \& Company},
  title		= {The Globalization Paradox: Democracy and the Future of the
		  World Economy},
  year		= {2011}
}

@Book{		  Simmons:2009,
  address	= {Cambridge, UK},
  author	= {Beth A. Simmons},
  publisher	= {Cambridge University Press},
  title		= {Mobilizing for Human Rights: International Law in Domestic
		  Politics},
  year		= {2009}
}

@Book{		  Slaughter:2004,
  address	= {Princeton},
  author	= {Anne-Marie Slaughter},
  publisher	= {Princeton University Press},
  title		= {A New World Order},
  year		= {2004}
}

@Book{		  Stroup:2012,
  address	= {Ithaca, New York},
  author	= {Sarah S. Stroup},
  publisher	= {Cornell University Press},
  title		= {Borders among Activists},
  year		= {2012}
}

@Book{		  Thomas:2000,
  address	= {London},
  author	= {Caroline Thomas},
  publisher	= {Sterling},
  title		= {Global Governance, Development and Human Security: The
		  Challenge of Poverty and Inequality},
  year		= {2000}
}

@Article{	  Thomas:2002,
  author	= {Daniel Thomas},
  journal	= {Cambridge Review of International Affairs},
  number	= {1},
  pages		= {25--43},
  title		= {Boomerangs and Superpowers: International Norms,
		  Transnational Networks and US Foreign Policy},
  volume	= {15},
  year		= {2002}
}

@InCollection{	  ThomsonKrasner:1989,
  address	= {Lexington, MA},
  author	= {Janice E. Thomson and Stephen D. Krasner},
  booktitle	= {Global Changes and Theoretical Challenges: Approaches to
		  world politics for the 1990s},
  editor	= {Ernst-Otto Czempiel and James N. Rosenau},
  pages		= {195--219},
  publisher	= {Lexington Books},
  title		= {Global Transactions and the Consolidation of Sovereignty},
  year		= {1989}
}

@Article{	  Tsai:2006,
  author	= {Kellee S. Tsai},
  journal	= {World Politics},
  month		= {10},
  number	= {1},
  pages		= {116--41},
  title		= {Adaptive Informal Institutions and Endogenous
		  Institutional Change in China},
  volume	= {59},
  year		= {2006}
}

@Book{		  WeissGordenker:1996,
  address	= {Boulder, CO},
  editor	= {Thomas G. Weiss and Leon Gordenker},
  publisher	= {Lynne Rienner Publishers},
  title		= {NGOs, the UN, and Global Governance},
  year		= {1996}
}

@Article{	  Weyland:2008,
  author	= {Kurt Weyland},
  journal	= {World Politics},
  month		= {1},
  number	= {2},
  pages		= {281--314},
  title		= {Toward a New Theory of Institutional Change},
  volume	= {60},
  year		= {2008}
}

@Article{	  Wickham:1994,
  author	= {Carrie Rosefsky Wickham},
  journal	= {PS: Political Science and Politics},
  month		= {9},
  number	= {3},
  pages		= {507--09},
  title		= {Beyond Democratization: Political Change in the Arab
		  World},
  volume	= {27},
  year		= {1994}
}

@Book{		  Wickham:2002,
  address	= {New York},
  author	= {Carrie Rosefsky Wickham},
  publisher	= {Columbia University Press},
  title		= {Mobilizing Islam: Religion, Activism, and Political Change
		  in Egypt},
  year		= {2002}
}

@Article{	  Wintrobe:1990,
  author	= {Ronald Wintrobe},
  journal	= {American Political Science Review},
  month		= {9},
  number	= {3},
  pages		= {849--72},
  title		= {The Tinpot and the Totalitarian: An Economic Theory of
		  Dictatorship},
  volume	= {84},
  year		= {1990}
}

@Book{		  Wong:2012,
  address	= {Ithaca},
  author	= {Wendy H. Wong},
  publisher	= {Cornell University Press},
  title		= {Internal Affairs: How the Structure of {NGO}s Transforms
		  Human Rights},
  year		= {2012}
}

@Article{	  Wood:1990,
  author	= {Ellen Meiksins Wood},
  journal	= {The Socialist Register},
  number	= {26},
  pages		= {60--84},
  title		= {The Uses and Abuses of `Civil Society'},
  year		= {1990}
}
