
@Article{	  Acemoglu:2001,
  author	= {Daron Acemoglu and Simon Johnson and James A. Robinson},
  journal	= {American Economic Review},
  month		= {12},
  number	= {5},
  pages		= {1369--1401},
  title		= {The Colonial Origins of Comparative Development: An
		  Empirical Investigation},
  volume	= {91},
  year		= {2001}
}

@Book{		  Acemoglu:2006,
  address	= {Cambridge},
  author	= {Daron Acemoglu and James A. Robinson},
  publisher	= {Cambridge University Press},
  title		= {Economic Origins of Dictatorship and Democracy},
  year		= {2006}
}

@Book{		  Acemoglu:2012,
  address	= {New York},
  author	= {Daron Acemoglu and James A. Robinson},
  publisher	= {Crown Business},
  title		= {Why Nations Fail: The Origins of Power, Prosperity, and
		  Poverty},
  year		= {2012}
}

@Book{		  Bellin:2002,
  address	= {Ithaca, New York},
  author	= {Eva Bellin},
  publisher	= {Cornell University Press},
  title		= {Stalled Democracy: Capital, Labor, and the Paradox of
		  State-Sponsored Development},
  year		= {2002}
}

@Book{		  Blaydes:2011,
  address	= {Cambridge},
  author	= {Lisa Blaydes},
  publisher	= {Cambridge University Press},
  title		= {Elections and Distributive Politics in {M}ubarak's
		  {E}gypt},
  year		= {2011}
}

@Article{	  Calvert:1992,
  author	= {Randall L. Calvert},
  journal	= {International Political Science Review},
  month		= {1},
  number	= {1},
  pages		= {7--24},
  title		= {Leadership and Its Basis in Problems of Social
		  Coordination},
  volume	= {13},
  year		= {1992}
}

@Book{		  Caplan:2007,
  address	= {Princeton},
  author	= {Bryan Caplan},
  publisher	= {Princeton University Press},
  title		= {The Myth of the Rational Voter: Why Democracies Choose Bad
		  Policies},
  year		= {2007}
}

@Article{	  Coase:1974,
  author	= {Ronald H. Coase},
  journal	= {Journal of Law and Economics},
  month		= {10},
  number	= {2},
  pages		= {357--76},
  title		= {The Lighthouse in Economics},
  volume	= {17},
  year		= {1974}
}

@Article{	  Cooley:2002,
  author	= {Alexander Cooley and James Ron},
  journal	= {International Security},
  month		= {Summer},
  number	= {1},
  pages		= {5--39},
  title		= {The {NGO} Scramble: Organizational Insecurity and the
		  Political Economy of Transnational Action},
  volume	= {27},
  year		= {2002}
}

@InCollection{	  Corry:2010,
  author	= {Olaf Corry},
  chapter	= {2},
  crossref	= {Taylor:2010a},
  pages		= {11-20},
  title		= {Defining and Theorizing the Third Sector}
}

@Article{	  de-Alcantara:1998,
  author	= {Cynthia Hewitt {de Alc{\'a}ntara}},
  journal	= {International Social Science Journal},
  month		= {3},
  number	= {155},
  pages		= {105--13},
  title		= {Uses and Abuses of the Concept of Governance},
  volume	= {50},
  year		= {1998}
}

@Article{	  DiMaggioPowell:1983,
  author	= {Paul J. DiMaggio and Walter W. Powell},
  journal	= {American Sociological Review},
  month		= {4},
  number	= {2},
  pages		= {147--60},
  title		= {The Iron Cage Revisited: Institutional Isomorphism and
		  Collective Rationality in Organizational Fields},
  volume	= {48},
  year		= {1983}
}

@Book{		  Ellickson:1991,
  address	= {Cambridge, MA},
  author	= {Robert Ellickson},
  publisher	= {Harvard University Press},
  title		= {Order without Law: How Neighbors Settle Disputes},
  year		= {1991}
}

@Article{	  FoleyEdwards:1996,
  author	= {Michael W. Foley and Bob Edwards},
  journal	= {Journal of Democracy},
  number	= {3},
  pages		= {38--52},
  title		= {The Paradox of Civil Society},
  volume	= {7},
  year		= {1996}
}

@Article{	  Gamm:1989,
  author	= {Gerald Gamm and Kenneth Shepsle},
  journal	= {Legislative Studies Quarterly},
  month		= {2},
  number	= {1},
  pages		= {39--66},
  title		= {Emergence of Legislative Institutions: Standing Committees
		  in the {H}ouse and {S}enate, 1810--1825},
  volume	= {14},
  year		= {1989}
}

@Article{	  Gandhi:2006,
  author	= {Jennifer Gandhi and Adam Przeworski},
  journal	= {Economics \& Politics},
  month		= {3},
  number	= {1},
  pages		= {1--26},
  title		= {Cooperation, Cooptation, and Rebellion Under
		  Dictatorships},
  volume	= {18},
  year		= {2006}
}

@Article{	  Glaeser:2004,
  author	= {Edward L. Glaeser and Rafael {La Porta} and Florencio
		  Lopez-De-Silanes and Andrei Shleifer},
  journal	= {Journal of Economic Growth},
  number	= {3},
  pages		= {271--303},
  title		= {Do Institutions Cause Growth?},
  volume	= {9},
  year		= {2004}
}

@InCollection{	  GordenkerWeiss:1996,
  author	= {Leon Gordenker and Thomas G. Weiss},
  booktitle	= {NGOs, the UN, and Global Governance},
  chapter	= {1},
  crossref	= {WeissGordenker:1996},
  pages		= {17--47},
  title		= {Introduction}
}

@Article{	  Greif:2004,
  author	= {Avner Greif and David D. Laitin},
  journal	= {American Political Science Review},
  month		= {11},
  number	= {4},
  pages		= {633--52},
  title		= {A Theory of Endogenous Institutional Change},
  volume	= {98},
  year		= {2004}
}

@Book{		  Greif:2006,
  address	= {Cambridge},
  author	= {Avner Greif},
  publisher	= {Cambridge University Press},
  title		= {Institutions and the Path to the Modern Economy: Lessons
		  from Medieval Trade},
  year		= {2006}
}

@Article{	  Grindle:2004,
  author	= {Merilee S. Grindle},
  journal	= {Governance: An International Journal of Policy,
		  Administration and Institutions},
  month		= {10},
  number	= {4},
  pages		= {525--48},
  title		= {Good Enough Governance: {P}overty Reduction and Reform in
		  Developing Countries},
  volume	= {17},
  year		= {2004}
}

@TechReport{	  Grindle:2010,
  author	= {Merilee S. Grindle},
  institution	= {Harvard Kennedy School},
  month		= {6},
  number	= {RWP10-023},
  title		= {Good Governance: {T}he Inflation of an Idea},
  type		= {Faculty Research Working Paper Series},
  year		= {2010}
}

@InCollection{	  Hall:2010,
  address	= {New York},
  author	= {Peter A. Hall},
  booktitle	= {Explaining Institutional Change: Ambiguity, Agency,
		  Power},
  chapter	= {7},
  editor	= {James Mahoney and Kathleen Thelen},
  pages		= {204--23},
  publisher	= {Cambridge University Press},
  title		= {Historical Institutionalism in Rationalist and
		  Sociological Perspective},
  year		= {2010}
}

@Article{	  HelmkeLevitsky:2004,
  author	= {Gretchen Helmke and Steven Levitsky},
  journal	= {Perspectives on Politics},
  month		= {12},
  number	= {4},
  pages		= {725--40},
  title		= {Informal Institutions and Comparative Politics: A Research
		  Agenda},
  volume	= {2},
  year		= {2004}
}

@Book{		  Jamal:2007,
  address	= {Princeton},
  author	= {Amaney Jamal},
  publisher	= {Princeton University Press},
  title		= {Barriers to Democracy: {T}he Other Side of Social Capital
		  in {P}alestine and the {A}rab {World}},
  year		= {2007}
}

@Book{		  Keck:1998,
  address	= {Ithaca},
  author	= {Margaret E. Keck and Kathryn Sikkink},
  publisher	= {Cornell University Press},
  title		= {Activists Beyond Borders: Advocacy Networks in
		  International Politics},
  year		= {1998}
}

@Book{		  Kelley:2004,
  address	= {Princeton},
  author	= {Judith G. Kelley},
  publisher	= {Princeton University Press},
  title		= {Ethnic Politics in Europe: The Power of Norms and
		  Incentives},
  year		= {2004}
}

@Book{		  Kelley:2012,
  address	= {Princeton},
  author	= {Judith G. Kelley},
  publisher	= {Princeton University Press},
  title		= {Monitoring Democracy: When International Election
		  Observation Works, and Why It Often Fails},
  year		= {2012}
}

@Book{		  Knight:1992,
  address	= {Cambridge},
  author	= {Jack Knight},
  publisher	= {Cambridge University Press},
  title		= {Institutions and Social Conflict},
  year		= {1992}
}

@Article{	  Krehbiel:1988,
  author	= {Keith Krehbiel},
  journal	= {Legislative Studies Quarterly},
  month		= {8},
  number	= {3},
  pages		= {259--319},
  title		= {Spatial Models of Legislative Choice},
  volume	= {13},
  year		= {1988}
}

@Article{	  Kuran:1989,
  author	= {Timur Kuran},
  journal	= {Public Choice},
  month		= {4},
  number	= {1},
  pages		= {41--74},
  title		= {Sparks and Prairie Fires: A Theory of Unanticipated
		  Political Revolution},
  volume	= {61},
  year		= {1989}
}

@Book{		  Kuran:1995,
  address	= {Cambridge, MA},
  author	= {Timur Kuran},
  publisher	= {Harvard University Press},
  title		= {Private Truths, Public Lies: The Social Consequences of
		  Preference Falsification},
  year		= {1995}
}

@Article{	  Kuran:1999,
  author	= {Timur Kuran and Cass R. Sunstein},
  journal	= {Stanford Law Review},
  number	= {4},
  pages		= {683--768},
  title		= {Availability Cascades and Risk Regulation},
  volume	= {51},
  year		= {1999}
}

@Article{	  Kuran:2004,
  author	= {Timur Kuran},
  journal	= {Journal of Economic Perspectives},
  month		= {Summer},
  number	= {3},
  pages		= {71--90},
  title		= {Why the Middle East is Economically Underdeveloped:
		  Historical Mechanisms of Institutional Stagnation},
  volume	= {18},
  year		= {2004}
}

@InCollection{	  Levi:2013,
  address	= {London},
  author	= {Margaret Levi and Victor Menaldo},
  booktitle	= {Handbook of Comparative Political Institutions},
  editor	= {Jennifer Gandhi and Rub{\'e}n Ruiz-Rufino},
  publisher	= {Routledge},
  title		= {The New Economic Institutionalism in Historical
		  Perspective},
  year		= {Forthcoming}
}

@Article{	  Lipschutz:1992,
  author	= {Ronnie D. Lipschutz},
  journal	= {Millennium: Journal of International Studies},
  month		= {12},
  number	= {3},
  pages		= {389--420},
  title		= {Reconstructing World Politics: The Emergence of Global
		  Civil Society},
  volume	= {21},
  year		= {1992}
}

@Article{	  Mackie:1996,
  author	= {Gerry Mackie},
  journal	= {American Sociological Review},
  month		= {12},
  number	= {6},
  pages		= {999--1017},
  title		= {Ending Footbinding and Infibulation: A Convention
		  Account},
  volume	= {61},
  year		= {1996}
}

@Article{	  Mathews:1997,
  author	= {Jessica T. Mathews},
  journal	= {Foreign Affairs},
  month		= {1--2},
  number	= {1},
  pages		= {50--66},
  title		= {Power Shift},
  volume	= {76},
  year		= {1997}
}

@Book{		  North:1990,
  address	= {Cambridge},
  author	= {Douglass C. North},
  publisher	= {Cambridge University Press},
  title		= {Institutions, Institutional Change and Economic
		  Performance},
  year		= {1990}
}

@Article{	  NyeKeohane:1971,
  author	= {Nye, Jr., Joseph S. and Robert O. Keohane},
  journal	= {International Organization},
  month		= {Summer},
  number	= {3},
  pages		= {329--49},
  title		= {Transnational Relations and World Politics: An
		  Introduction},
  volume	= {25},
  year		= {1971}
}

@Book{		  Olson:1971,
  address	= {Cambridge, MA},
  author	= {Mancur Olson},
  publisher	= {Harvard University Press},
  title		= {The Logic of Collective Action},
  year		= {1971}
}

@Article{	  Olson:1993,
  author	= {Mancur Olson},
  journal	= {American Political Science Review},
  month		= {9},
  number	= {3},
  pages		= {567--76},
  title		= {Dictatorship, Democracy, and Development},
  volume	= {87},
  year		= {1993}
}

@Book{		  Ostrom:1990,
  address	= {Cambridge},
  author	= {Elinor Ostrom},
  publisher	= {Cambridge University Press},
  title		= {Governing the Commons: {T}he Evolution of Institutions for
		  Collective Action},
  year		= {1990}
}

@Article{	  Ostrom:1999,
  author	= {Elinor Ostrom},
  journal	= {Annual Review of Political Science},
  pages		= {492--535},
  title		= {Coping with Tragedies of the Commons},
  volume	= {2},
  year		= {1999}
}

@Article{	  Pierson:2000,
  author	= {Paul Pierson},
  journal	= {American Political Science Review},
  month		= {6},
  number	= {2},
  pages		= {251--67},
  title		= {Increasing Returns, Path Dependence, and the Study of
		  Politics},
  volume	= {94},
  year		= {2000}
}

@Book{		  Platteau:2000,
  address	= {Amsterdam},
  author	= {Jean-Philippe Platteau},
  publisher	= {Harwood},
  title		= {Institutions, Social Norms, and Economic Development},
  year		= {2000}
}

@Article{	  Przeworski:2004,
  author	= {Adam Przeworski},
  journal	= {Government and Opposition},
  month		= {9},
  pages		= {527--40},
  title		= {Institutions Matter?},
  volume	= {39},
  year		= {2004}
}

@Book{		  Putnam:1994,
  address	= {Princeton},
  author	= {Robert D. Putnam and Robert Leonardi and Raffaella Y.
		  Nanetti},
  publisher	= {Princeton University Press},
  title		= {Making Democracy Work: {C}ivic Traditions in Modern
		  {I}taly},
  year		= {1994}
}

@Article{	  Reimann:2006,
  author	= {Kim D. Reimann},
  journal	= {International Studies Quarterly},
  month		= {3},
  number	= {1},
  pages		= {45--67},
  title		= {A View from the Top: International Politics, Norms and the
		  Worldwide Growth of NGOs},
  volume	= {50},
  year		= {2006}
}

@Article{	  Riker:1980,
  author	= {William H. Riker},
  journal	= {American Political Science Review},
  month		= {6},
  number	= {2},
  pages		= {432--46},
  title		= {Implications from the Disequilibrium of Majority Rule for
		  the Study of Institutions},
  volume	= {74},
  year		= {1980}
}

@Article{	  Rodrik:2004,
  author	= {Dani Rodrik and Arvind Subramanian and Francesco Trebbi},
  journal	= {Journal of Economic Growth},
  number	= {2},
  pages		= {131--65},
  title		= {Institutions Rule: The Primacy of Institutions Over
		  Geography and Integration in Economic Development},
  volume	= {9},
  year		= {2004}
}

@Article{	  Rodrik:2004a,
  author	= {Dani Rodrik},
  journal	= {CESifo DICE Report},
  month		= {10},
  number	= {2},
  pages		= {10--15},
  title		= {Getting Institutions Right},
  volume	= {2},
  year		= {2004}
}

@Book{		  Rodrik:2007,
  address	= {Princeton},
  author	= {Dani Rodrik},
  publisher	= {Princeton University Press},
  title		= {One Economics, Many Recipes: Globalization, Institutions,
		  and Economic Growth},
  year		= {2007}
}

@Book{		  Rodrik:2011,
  address	= {New York},
  author	= {Dani Rodrik},
  publisher	= {W. W. Norton \& Company},
  title		= {The Globalization Paradox: Democracy and the Future of the
		  World Economy},
  year		= {2011}
}

@Book{		  Schelling:1978,
  address	= {New York},
  author	= {Thomas Schelling},
  publisher	= {W. W. Norton \& Company},
  title		= {Micromotives and Macrobehavior},
  year		= {1978}
}

@Article{	  Sen:1999,
  author	= {Amartya Sen},
  journal	= {American Economic Review},
  month		= {6},
  number	= {3},
  pages		= {349--78},
  title		= {The Possibility of Social Choice},
  volume	= {89},
  year		= {1999}
}

@Article{	  Shepsle:1981,
  author	= {Kenneth A. Shepsle and Barry R. Weingast},
  journal	= {Public Choice},
  number	= {3},
  pages		= {503--19},
  title		= {Structure-Induced Equilibrium and Legislative Choice},
  volume	= {37},
  year		= {1981}
}

@Article{	  Skjelsbaek:1971,
  author	= {Kjell Skjelsbaek},
  journal	= {International Organization},
  month		= {Summer},
  number	= {3},
  pages		= {420--42},
  title		= {The Growth of International Nongovernmental Organization
		  in the Twentieth Century},
  volume	= {25},
  year		= {1971}
}

@Book{		  Stroup:2012,
  address	= {Ithaca, New York},
  author	= {Sarah S. Stroup},
  publisher	= {Cornell University Press},
  title		= {Borders among Activists},
  year		= {2012}
}

@Article{	  Sugden:1989,
  author	= {Robert Sugden},
  journal	= {Journal of Economic Perspectives},
  month		= {Autumn},
  number	= {4},
  pages		= {85--97},
  title		= {Spontaneous Order},
  volume	= {3},
  year		= {1989}
}

@Book{		  Tallberg:2013,
  address	= {Cambridge},
  author	= {Jonas Tallberg and Thomas Sommerer and Theresa Squatrito
		  and Christer J{\"o}nsson},
  publisher	= {Cambridge University Press},
  title		= {The Opening Up of International Organizations:
		  Transnational Access in Global Governance},
  year		= {2013}
}

@Book{		  Taylor:2010a,
  address	= {New York},
  booktitle	= {Third Sector Research},
  editor	= {Rupert Taylor},
  publisher	= {Springer},
  title		= {Third Sector Research},
  year		= {2010}
}

@Article{	  Thaler:2004,
  author	= {Richard H. Thaler and Shlomo Benartzi},
  journal	= {Journal of Political Economy},
  number	= {1, pt. 2},
  pages		= {S164--S187},
  title		= {{S}ave {M}ore {T}omorrow{\texttrademark}: Using Behavioral
		  Economics to Increase Employee Saving},
  volume	= {112},
  year		= {2004}
}

@Book{		  Thaler:2008,
  address	= {New Haven, CT},
  author	= {Richard H. Thaler and Cass R. Sunstein},
  publisher	= {Yale University Press},
  title		= {Nudge: Improving Decisions About Health, Wealth, and
		  Happiness},
  year		= {2008}
}

@Article{	  Tsai:2006,
  author	= {Kellee S. Tsai},
  journal	= {World Politics},
  month		= {10},
  number	= {1},
  pages		= {116--41},
  title		= {Adaptive Informal Institutions and Endogenous
		  Institutional Change in China},
  volume	= {59},
  year		= {2006}
}

@Article{	  Tversky:1974,
  author	= {Amos Tversky and Daniel Kahneman},
  day		= {27},
  journal	= {Science},
  month		= {9},
  number	= {4157},
  pages		= {1124--131},
  title		= {Judgment under Uncertainty: Heuristics and Biases},
  volume	= {185},
  year		= {1974}
}

@Article{	  Weingast:1997,
  author	= {Barry R. Weingast},
  journal	= {American Political Science Review},
  month		= {6},
  number	= {2},
  pages		= {245--63},
  title		= {The Political Foundations of Democracy and the Rule of
		  Law},
  volume	= {91},
  year		= {1997}
}

@Book{		  WeissGordenker:1996,
  address	= {Boulder, CO},
  editor	= {Thomas G. Weiss and Leon Gordenker},
  publisher	= {Lynne Rienner Publishers},
  title		= {NGOs, the UN, and Global Governance},
  year		= {1996}
}

@Article{	  Weyland:2008,
  author	= {Kurt Weyland},
  journal	= {World Politics},
  month		= {1},
  number	= {2},
  pages		= {281--314},
  title		= {Toward a New Theory of Institutional Change},
  volume	= {60},
  year		= {2008}
}

@Book{		  Wong:2012,
  address	= {Ithaca},
  author	= {Wendy H. Wong},
  publisher	= {Cornell University Press},
  title		= {Internal Affairs: How the Structure of NGOs Transforms
		  Human Rights},
  year		= {2012}
}

@Article{	  Wood:1990,
  author	= {Ellen Meiksins Wood},
  journal	= {The Socialist Register},
  number	= {26},
  pages		= {60--84},
  title		= {The Uses and Abuses of `Civil Society'},
  year		= {1990}
}
